@book{decansbel,
  author = "Juan Antonio Belmonte",
  title  = "The Decans and the Ancient Egyptian Skylore: An Astronomer's Approach.",
  year   = "2007",
  publisher = "Memorie Della Società Astronomica Italiana, no. 78"
}

@book{lettre,
  author = "Jean-François Champollion",
  title = "Lettre à M. Dacier. Letter to M. Dacier",
  translator = "Rhys Bryant",
  date = "2015"
}

@book{nilenotes,
  author = "E. A., Wallis Budge",
  title = "The Nile. Notes for Travellers in Egypt.",
  year = "1905"
}

@book{loprieno,
  author = "Antonio Loprieno",
  title = "Ancient Egyptian: A Linguistic Introduction",
  publisher = "Cambridge University Press",
  year = "1995"
}

@book{ridpath,
  author = "John Clark Ridpath",
  title = "Ridpath's History of the World; Being an Account of the Ethnic Origin, Primitive Estate, Early Migrations, Social Conditions and Present Promise of the Principal Families of Men",
  year = "1897"
}

@book{lostlanguages,
  author = "Andrew Robinson",
  title = "Lost Languages: The Engima of the World's Undeciphered Scripts",
  year = "2009"
}

@book{wahshiyya,
  author = "Ibn Wahshiyya",
  title = "Ancient Alphabets and Hieroglyphic Characters Explained: With an Account of the Egyptian Priests, Their Classes, Initiation and Sacrifices",
  translator = "Joseph von Hammer-Purgstall",
  year = "1806"
}

@MISC{NYC:Ernst_1,
  author = "Ernst Weidenbach",
  title = "Neues Reich. Dynastie XVIII. Theben [Thebes]. Qurnet Murrâi [Blatt 4], Linke Hinterwand [e].",
  year = "1849 - 1856",
  url = "http://digitalcollections.nypl.org/items/510d47d9-5987-a3d9-e040-e00a18064a99",
  publisher = "General Research Division, The New York Public Library."
}

@MISC{NYC:Ernst_Grab54,
  author = "Ernst Weidenbach",
  title = "Altes Reich. Dynastie IV, V. Pyramiden von Giseh [Jîzah]: Grab 54",
  year = "1849 - 1856",
  url = "http://digitalcollections.nypl.org/items/510d47d9-58ca-a3d9-e040-e00a18064a99",
  publisher = "General Research Division, The New York Public Library."
}

@MISC{NYC:Ernst_Ptolost,
  author = "Ernst Weidenbach",
  title = "Ptolemaeer. Ptol. VII Philometor I. Philae; a. Architrav Aus Tempel P; b. Tempel K. Stele Auf Dem Granitfelsen Unter Dem Östlichen Pylon.",
  year = "1849 - 1856",
  url = "http://digitalcollections.nypl.org/items/510d47d9-5a3f-a3d9-e040-e00a18064a99",
  publisher = "General Research Division, The New York Public Library."
}

@book{scotthiero,
  author = "Scott-Moncrieff, Philip David",
  title = "Hieroglyphic Texts from Egyptian Stelae, \&c.",
  year = "1911",
  publisher = "British Museum. Dept. of Egyptian Antiquities;"
}
